<?xml version="1.0" encoding="UTF-8"?><collection xmlns="http://www.loc.gov/MARC21/slim"><record><leader>00441nam--2200133-i-4500</leader><controlfield tag="001">000043072</controlfield><controlfield tag="002">20161230</controlfield><controlfield tag="005">20161230201043</controlfield><controlfield tag="008">060222s1000------------r-----000-0-eng-d</controlfield><datafield ind1=" " ind2=" " tag="080"><subfield code="a">621.039.7:628.4.047:628.388</subfield></datafield><datafield ind1=" " ind2=" " tag="100"><subfield code="a">Straub,Conrad P</subfield></datafield><datafield ind1=" " ind2=" " tag="245"><subfield code="a">Low-level radioactivity wastes. their handling, treatment and disposal</subfield></datafield><datafield ind1=" " ind2=" " tag="260"><subfield code="a">Washington, Divisiion Of Technical Inf.United States Atomic Energy Commission, 1964. 430 P</subfield></datafield><datafield ind1=" " ind2=" " tag="852"><subfield code="a">45098</subfield></datafield></record></collection>